@Article{Pinciroli:SI2012,
  author = "Carlo Pinciroli and Vito Trianni and Rehan O'Grady and Giovanni Pini and Arne Brutschy and Manuele Brambilla and Nithin Mathews and Eliseo Ferrante and Gianni {Di Caro} and Frederick Ducatelle and Mauro Birattari and Luca Maria Gambardella and Marco Dorigo",
  title = "{ARGoS}: a Modular, Parallel, Multi-Engine Simulator for Multi-Robot Systems",
  journal = "Swarm Intelligence",
  year = "2012",
  volume = "6",
  number = "4",
  pages = "271--295",
  publisher = "Springer",
  address = "Berlin, Germany"
}

@misc{RF:AE,
  author = {Preziosa A., Refolli F.},
  title = {ARGoS - Experiments},
  year = {2024},
  publisher = {GitHub},
  journal = {GitHub repository},
  howpublished = {\url{https://github.com/frefolli/argos-experiments}}
}

@misc{RF:AV,
  author = {Preziosa A., Refolli F.},
  title = {ARGoS - Visualizer},
  year = {2024},
  publisher = {GitHub},
  journal = {GitHub repository},
  howpublished = {\url{https://github.com/frefolli/argos-visualizer}}
}

@misc{RF:A3,
  author = {Preziosa A., Refolli F.},
  title = {ARGoS 3 - Modified Version},
  year = {2024},
  publisher = {GitHub},
  journal = {GitHub repository},
  howpublished = {\url{https://github.com/frefolli/argos3}}
}
